@inproceedings{arras2007,
  title={Using boosted features for the detection of people in 2d range data},
  author={Arras, Kai Oliver and Mozos, Oscar Mart{\i}nez and Burgard, Wolfram},
  booktitle={2007 IEEE International Conference on Robotics and Automation,},
  pages={3402--3407},
  year={2007},
}