

% @inproceedings{dragan2013legibility,
 % title={Legibility and predictability of robot motion},
 % author={Dragan, Anca D and Lee, Kenton CT and Srinivasa, Siddhartha S},
%  booktitle={2013 8th ACM/IEEE International Conference on Human-Robot Interaction,},
%  pages={301--308},
 % year={2013},
%}
